% Encoding: GBK
@misc{fan2023environmentinvariantlinearsquares,
      title={Environment Invariant Linear Least Squares}, 
      author={Jianqing Fan and Cong Fang and Yihong Gu and Tong Zhang},
      year={2023},
      eprint={2303.03092},
      archivePrefix={arXiv},
      primaryClass={math.ST},
      url={https://arxiv.org/abs/2303.03092}, 
}