@misc{fan2023environment,
  title =	 {Environment Invariant Linear Least Squares},
  author =	 {Fan, Jianqing and Fang, Cong and Gu, Yihong and Zhang, Tong},
  year =	 2023,
  eprint =	 {2303.03092},
  archivePrefix ={arXiv},
  primaryClass = {math.ST},
  url =		 {https://arxiv.org/abs/2303.03092}
}

@misc{huang2015bidirectional,
  title =	 {Bidirectional {LSTM-CRF} Models for Sequence Tagging},
  author =	 {Huang, Zhiheng and Xu, Wei and Yu, Kai},
  year =	 2015,
  eprint =	 {1508.01991},
  archivePrefix ={arXiv},
  primaryClass = {cs.CL},
  url =		 {https://arxiv.org/abs/1508.01991}
}

@book{koller2009probabilistic,
  title =	 {Probabilistic Graphical Models: {P}rinciples and {T}echniques},
  author =	 {Koller, Daphne and Friedman, Nir},
  year =	 2009,
  publisher =	 {The MIT Press},
  address =	 {Cambridge, MA, USA},
  isbn =	 9780262013192
}

@inproceedings{krahenbuhl2011efficient,
  title =	 {Efficient Inference in Fully Connected {CRF}s with Gaussian
                  Edge Potentials},
  author =	 {Kr\"{a}henb\"{u}hl, Philipp and Koltun, Vladlen},
  booktitle =	 {Advances in Neural Information Processing Systems 24 (NIPS
                  2011)},
  editor =	 {Shawe-Taylor, J. and Zemel, R. and Bartlett, P. and Pereira,
                  F. and Weinberger, K. Q.},
  location =	 {Granada, Spain},
  year =	 2011,
  publisher =	 {Curran Associates, Inc.},
  address =	 {Red Hook, NY, USA},
  isbn =	 9781618395993
}

@inproceedings{zheng2015conditional,
  title =	 {Conditional Random Fields as Recurrent Neural Networks},
  author =	 {Zheng, Shuai and Jayasumana, Sadeep and Romera-Paredes,
                  Bernardino and Vineet, Vibhav and Su, Zhizhong and Du, Dalong
                  and Huang, Chang and Torr, Philip H. S.},
  booktitle =	 {2015 IEEE International Conference on Computer Vision (ICCV)},
  location =	 {Santiago, Chile},
  year =	 2015,
  pages =	 {1529-1537},
  publisher =	 {IEEE}
}
